@misc{miedeClassicThesisTemplate2024,
  title = {Classic {{Thesis Template}}},
  author = {Miede, Andr{\'e}},
  year = {2024},
  journal = {Andr{\'e} Miede},
  urldate = {2024-05-18},
  abstract = {Copyright {\copyright} 2000--2024},
  howpublished = {https://www.miede.de/},
  langid = {english},
  file = {/Users/admin/Zotero/storage/33XSC85C/www.miede.de.html}
}
